@article{Chong2017,
title = "Deep learning networks for stock market analysis and prediction: Methodology, data representations, and case studies",
journal = "Expert Systems with Applications",
volume = "83",
pages = "187 - 205",
year = "2017",
issn = "0957-4174",
doi = "https://doi.org/10.1016/j.eswa.2017.04.030",
url = "http://www.sciencedirect.com/science/article/pii/S0957417417302750",
author = "Eunsuk Chong and Chulwoo Han and Frank C. Park",
keywords = "Stock market prediction, Deep learning, Multilayer neural network, Covariance estimation"
}

@ARTICLE{Abe2018,
   author = {{Abe}, M. and {Nakayama}, H.},
    title = "{Deep Learning for Forecasting Stock Returns in the Cross-Section}",
  journal = {ArXiv e-prints},
archivePrefix = "arXiv",
   eprint = {1801.01777},
 primaryClass = "q-fin.ST",
 keywords = {Quantitative Finance - Statistical Finance, Computer Science - Machine Learning},
     year = 2018,
    month = jan,
   adsurl = {http://adsabs.harvard.edu/abs/2018arXiv180101777A},
  adsnote = {Provided by the SAO/NASA Astrophysics Data System}
}

@inproceedings{Kearns2013,
  title={Machine Learning for Market Microstructure and High Frequency Trading},
  author={Michael Kearns and Yuriy Nevmyvaka},
  year={2013}
}